

<record>
  <leader>00843nam a2200241   4500</leader>
  <controlfield tag="001">BIBLIOPAC-010906</controlfield>
  <controlfield tag="005">20161123142950.0</controlfield>
  <controlfield tag="008">140728s        bl     f     0000 0      </controlfield>
  <datafield tag="020" ind1=" " ind2=" ">
    <subfield code="a">85-7098-002-7 </subfield>
  </datafield>
  <datafield tag="082" ind1="1" ind2=" ">
    <subfield code="a">301.2581 </subfield>
  </datafield>
  <datafield tag="090" ind1=" " ind2=" ">
    <subfield code="a">301.2581 </subfield>
    <subfield code="b">C569 </subfield>
  </datafield>
  <datafield tag="110" ind1="2" ind2=" ">
    <subfield code="a">Brasil. </subfield>
    <subfield code="b">Ministério da Ciência e Tecnologia. </subfield>
  </datafield>
  <datafield tag="110" ind1=" " ind2=" ">
    <subfield code="b">Conselho Nacional de Desenvolvimento Ciêntifico e Tecnológico. </subfield>
  </datafield>
  <datafield tag="240" ind1="1" ind2="0">
    <subfield code="a">Alternatives to destruction: science of the Mebengokre. </subfield>
  </datafield>
  <datafield tag="245" ind1="1" ind2="0">
    <subfield code="a">A ciência dos mebengokre : </subfield>
    <subfield code="b">Alternativas contra a destruição / </subfield>
    <subfield code="c">Museu Paraense Emílio Goeldi. </subfield>
  </datafield>
  <datafield tag="260" ind1=" " ind2=" ">
    <subfield code="a">Belém : </subfield>
    <subfield code="b">Museu Paraense, </subfield>
    <subfield code="c">1987. </subfield>
  </datafield>
  <datafield tag="300" ind1=" " ind2=" ">
    <subfield code="a">69 p. </subfield>
  </datafield>
  <datafield tag="650" ind1=" " ind2="0">
    <subfield code="a">Etnobiologia</subfield>
    <subfield code="z">Brasil.</subfield>
  </datafield>
  <datafield tag="650" ind1=" " ind2="0">
    <subfield code="a">Mebengokre</subfield>
    <subfield code="x">Gorotire</subfield>
  </datafield>
  <datafield tag="650" ind1=" " ind2=" ">
    <subfield code="x">Índios</subfield>
    <subfield code="z">Brasil. </subfield>
  </datafield>
  <datafield tag="710" ind1="2" ind2=" ">
    <subfield code="a">Museu Paraense Emílio Goeldi. </subfield>
  </datafield>
  <datafield tag="942" ind1=" " ind2=" ">
    <subfield code="c">L</subfield>
  </datafield>
  <datafield tag="999" ind1=" " ind2=" ">
    <subfield code="c">17616</subfield>
    <subfield code="d">17616</subfield>
  </datafield>
  <datafield tag="952" ind1=" " ind2=" ">
    <subfield code="0">0</subfield>
    <subfield code="1">0</subfield>
    <subfield code="4">0</subfield>
    <subfield code="6">301_258100000000000_C569</subfield>
    <subfield code="7">0</subfield>
    <subfield code="8">G</subfield>
    <subfield code="9">23850</subfield>
    <subfield code="a">sdin</subfield>
    <subfield code="b">sdin</subfield>
    <subfield code="d">2016-11-23</subfield>
    <subfield code="l">0</subfield>
    <subfield code="o">301.2581 C569 </subfield>
    <subfield code="p">87-0527</subfield>
    <subfield code="r">2016-11-23</subfield>
    <subfield code="w">2016-11-23</subfield>
    <subfield code="y">L</subfield>
  </datafield>
</record>