

<record>
  <leader>00793nam a2200241 a 4500</leader>
  <controlfield tag="001">0006518</controlfield>
  <controlfield tag="005">20161201154649.0</controlfield>
  <controlfield tag="008">141105s||||     bl|||||||||||||||||por|u</controlfield>
  <datafield tag="082" ind1=" " ind2=" ">
    <subfield code="a">301.3</subfield>
    <subfield code="2">19</subfield>
  </datafield>
  <datafield tag="090" ind1=" " ind2=" ">
    <subfield code="a">301.3</subfield>
    <subfield code="b">C542e</subfield>
  </datafield>
  <datafield tag="100" ind1=" " ind2=" ">
    <subfield code="1"></subfield>
    <subfield code="a">Chisholm, Anne</subfield>
  </datafield>
  <datafield tag="240" ind1=" " ind2=" ">
    <subfield code="1">0</subfield>
    <subfield code="a">Philosophers of the earth : conversations with ecologists</subfield>
  </datafield>
  <datafield tag="245" ind1=" " ind2=" ">
    <subfield code="1">0</subfield>
    <subfield code="a">Ecologia :</subfield>
    <subfield code="b">uma estratégia para a sobrevivência /</subfield>
    <subfield code="c">Anne Chisholm ; tradução de Luiz Corção.</subfield>
  </datafield>
  <datafield tag="250" ind1=" " ind2=" ">
    <subfield code="a">2. ed.</subfield>
  </datafield>
  <datafield tag="260" ind1=" " ind2=" ">
    <subfield code="a">Rio de Janeiro :</subfield>
    <subfield code="b">Zahar Editores,</subfield>
    <subfield code="c">1981.</subfield>
  </datafield>
  <datafield tag="300" ind1=" " ind2=" ">
    <subfield code="a">222 p.</subfield>
  </datafield>
  <datafield tag="490" ind1="0" ind2=" ">
    <subfield code="a">Biblioteca de ciências sociais</subfield>
  </datafield>
  <datafield tag="500" ind1=" " ind2=" ">
    <subfield code="a">Título original: Philosophers of the earth: conversations with ecologists.</subfield>
  </datafield>
  <datafield tag="650" ind1="0" ind2=" ">
    <subfield code="a">Ecologia.</subfield>
  </datafield>
  <datafield tag="650" ind1="0" ind2=" ">
    <subfield code="a">Ecologistas.</subfield>
  </datafield>
  <datafield tag="700" ind1="1" ind2=" ">
    <subfield code="a">Corção, Luiz, trad.</subfield>
  </datafield>
  <datafield tag="942" ind1=" " ind2=" ">
    <subfield code="c">L</subfield>
  </datafield>
  <datafield tag="999" ind1=" " ind2=" ">
    <subfield code="c">18070</subfield>
    <subfield code="d">18070</subfield>
  </datafield>
  <datafield tag="952" ind1=" " ind2=" ">
    <subfield code="0">0</subfield>
    <subfield code="1">0</subfield>
    <subfield code="2">ddc</subfield>
    <subfield code="4">0</subfield>
    <subfield code="6">301_300000000000000_C542E</subfield>
    <subfield code="7">0</subfield>
    <subfield code="9">24396</subfield>
    <subfield code="a">sdin</subfield>
    <subfield code="b">sdin</subfield>
    <subfield code="d">2016-12-01</subfield>
    <subfield code="l">0</subfield>
    <subfield code="o">301.3 C542e</subfield>
    <subfield code="p">86-0860</subfield>
    <subfield code="r">2016-12-01</subfield>
    <subfield code="w">2016-12-01</subfield>
    <subfield code="y">L</subfield>
  </datafield>
</record>